<?xml version="1.0" encoding="UTF-8"?>
  <record xmlns="http://www.loc.gov/MARC21/slim" type="Authority">
    <leader>00000nz  a2200000oc 4500</leader>
    <controlfield tag="001">104854964X</controlfield>
    <controlfield tag="003">DE-101</controlfield>
    <controlfield tag="005">20180119143904.0</controlfield>
    <controlfield tag="008">140317n||aznnnaabn           | ana    |c</controlfield>
    <datafield tag="024" ind1="7" ind2=" ">
      <subfield code="a">104854964X</subfield>
      <subfield code="0">http://d-nb.info/gnd/104854964X</subfield>
      <subfield code="2">gnd</subfield>
    </datafield>
    <datafield tag="035" ind1=" " ind2=" ">
      <subfield code="a">(DE-101)104854964X</subfield>
    </datafield>
    <datafield tag="035" ind1=" " ind2=" ">
      <subfield code="a">(DE-588)104854964X</subfield>
    </datafield>
    <datafield tag="040" ind1=" " ind2=" ">
      <subfield code="a">DE-1</subfield>
      <subfield code="c">DE-1</subfield>
      <subfield code="9">r:DE-1</subfield>
      <subfield code="b">ger</subfield>
      <subfield code="d">0023</subfield>
    </datafield>
    <datafield tag="042" ind1=" " ind2=" ">
      <subfield code="a">gnd3</subfield>
    </datafield>
    <datafield tag="043" ind1=" " ind2=" ">
      <subfield code="c">XA-AAAT</subfield>
      <subfield code="c">XA-CZ</subfield>
    </datafield>
    <datafield tag="075" ind1=" " ind2=" ">
      <subfield code="b">b</subfield>
      <subfield code="2">gndgen</subfield>
    </datafield>
    <datafield tag="075" ind1=" " ind2=" ">
      <subfield code="b">kiz</subfield>
      <subfield code="2">gndspec</subfield>
    </datafield>
    <datafield tag="079" ind1=" " ind2=" ">
      <subfield code="a">g</subfield>
      <subfield code="q">f</subfield>
      <subfield code="u">r</subfield>
    </datafield>
    <datafield tag="110" ind1="2" ind2=" ">
      <subfield code="a">Hampelische Druckerey</subfield>
      <subfield code="g">Prag</subfield>
    </datafield>
    <datafield tag="410" ind1="2" ind2=" ">
      <subfield code="a">Hampelische Druckerei</subfield>
      <subfield code="g">Prag</subfield>
    </datafield>
    <datafield tag="410" ind1="2" ind2=" ">
      <subfield code="a">Hamplova Impressí</subfield>
    </datafield>
    <datafield tag="410" ind1="2" ind2=" ">
      <subfield code="a">Typi Hampeliani</subfield>
    </datafield>
    <datafield tag="410" ind1="2" ind2=" ">
      <subfield code="a">Typis Hampelianis</subfield>
    </datafield>
    <datafield tag="410" ind1="2" ind2=" ">
      <subfield code="a">Druckerei Hampel</subfield>
    </datafield>
    <datafield tag="500" ind1="1" ind2=" ">
      <subfield code="0">(DE-101)1037517776</subfield>
      <subfield code="0">(DE-588)1037517776</subfield>
      <subfield code="0">https://d-nb.info/gnd/1037517776</subfield>
      <subfield code="a">Hampel, Jan Mikuláš</subfield>
      <subfield code="4">besi</subfield>
      <subfield code="4">https://d-nb.info/standards/elementset/gnd#owner</subfield>
      <subfield code="w">r</subfield>
      <subfield code="i">Besitzer</subfield>
      <subfield code="e">Besitzer</subfield>
      <subfield code="9">Z:1677-1693</subfield>
    </datafield>
    <datafield tag="500" ind1="1" ind2=" ">
      <subfield code="0">(DE-101)1037535480</subfield>
      <subfield code="0">(DE-588)1037535480</subfield>
      <subfield code="0">https://d-nb.info/gnd/1037535480</subfield>
      <subfield code="a">Hampel, Anna Voršila</subfield>
      <subfield code="d">-1711</subfield>
      <subfield code="4">besi</subfield>
      <subfield code="4">https://d-nb.info/standards/elementset/gnd#owner</subfield>
      <subfield code="w">r</subfield>
      <subfield code="i">Besitzer</subfield>
      <subfield code="e">Besitzer</subfield>
      <subfield code="9">Z:1694-1711</subfield>
    </datafield>
    <datafield tag="500" ind1="1" ind2=" ">
      <subfield code="0">(DE-101)1037518055</subfield>
      <subfield code="0">(DE-588)1037518055</subfield>
      <subfield code="0">https://d-nb.info/gnd/1037518055</subfield>
      <subfield code="a">Mattis, Johann</subfield>
      <subfield code="4">rela</subfield>
      <subfield code="4">https://d-nb.info/standards/elementset/gnd#relatedPerson</subfield>
      <subfield code="w">r</subfield>
      <subfield code="i">Relation allgemein</subfield>
      <subfield code="e">Relation allgemein</subfield>
      <subfield code="9">v:Faktor</subfield>
      <subfield code="9">Z:1695-1700</subfield>
    </datafield>
    <datafield tag="548" ind1=" " ind2=" ">
      <subfield code="a">1677-1711</subfield>
      <subfield code="4">datb</subfield>
      <subfield code="4">https://d-nb.info/standards/elementset/gnd#dateOfEstablishmentAndTermination</subfield>
      <subfield code="w">r</subfield>
      <subfield code="i">Zeitraum</subfield>
    </datafield>
    <datafield tag="550" ind1=" " ind2=" ">
      <subfield code="0">(DE-101)041333330</subfield>
      <subfield code="0">(DE-588)4133333-0</subfield>
      <subfield code="0">https://d-nb.info/gnd/4133333-0</subfield>
      <subfield code="a">Druckerei</subfield>
      <subfield code="4">obin</subfield>
      <subfield code="4">https://d-nb.info/standards/elementset/gnd#broaderTermInstantial</subfield>
      <subfield code="w">r</subfield>
      <subfield code="i">Oberbegriff instantiell</subfield>
    </datafield>
    <datafield tag="551" ind1=" " ind2=" ">
      <subfield code="0">(DE-101)040763102</subfield>
      <subfield code="0">(DE-588)4076310-9</subfield>
      <subfield code="0">https://d-nb.info/gnd/4076310-9</subfield>
      <subfield code="a">Prag</subfield>
      <subfield code="4">orta</subfield>
      <subfield code="4">https://d-nb.info/standards/elementset/gnd#placeOfBusiness</subfield>
      <subfield code="w">r</subfield>
      <subfield code="i">Ort</subfield>
    </datafield>
    <datafield tag="667" ind1=" " ind2=" ">
      <subfield code="a">VD-17</subfield>
    </datafield>
    <datafield tag="667" ind1=" " ind2=" ">
      <subfield code="a">VD-18</subfield>
    </datafield>
    <datafield tag="678" ind1=" " ind2=" ">
      <subfield code="b">Als Faktor: Johann Georg Hofäcker (Hoffäcker, Hoffacher)</subfield>
    </datafield>
  </record>
